@ARTICLE{8643999,
  author={W. {Hou} and L. {Guo} and Z. {Ning}},
  journal={IEEE Transactions on Industrial Informatics}, 
  title={Local Electricity Storage for Blockchain-Based Energy Trading in Industrial Internet of Things}, 
  year=2019,
  volume=15,
  number=6,
  pages={3610-3619},}