@inproceedings{9394011,
    author = {Chen, Ming-Te and Liang, Chu Xuan and Chen, Chia Chu},
    booktitle = {2020 International Symposium on Computer, Consumer and Control
                 (IS3C)},
    title = {A Traceable Smart Grid Trading System under Blockchain},
    year = 2020,
    pages = {380-383},
    doi = {10.1109/IS3C50286.2020.00104},
}

@article{7589035,
    author = {N. Z. {Aitzhan} and D. {Svetinovic}},
    journal = {IEEE Transactions on Dependable and Secure Computing},
    title = {Security and Privacy in Decentralized Energy Trading Through
             Multi-Signatures, Blockchain and Anonymous Messaging Streams},
    year = {2018},
    volume = {15},
    number = {5},
    pages = {840-852},
}